<record><leader>00000cas a22000007a 4500</leader><controlfield tag="001">25003837</controlfield><controlfield tag="008">911220d18501851ncuwr ne      0    0eng d</controlfield><datafield ind1=" " ind2=" " tag="010"><subfield code="a">sn 91068539 </subfield></datafield><datafield ind1=" " ind2=" " tag="040"><subfield code="a">NVJ</subfield><subfield code="b">eng</subfield><subfield code="c">NVJ</subfield><subfield code="d">FUG</subfield><subfield code="d">NVJ</subfield><subfield code="d">OCL</subfield><subfield code="d">OCLCQ</subfield><subfield code="d">OCLCF</subfield><subfield code="d">OCLCO</subfield></datafield><datafield ind1="1" ind2=" " tag="029"><subfield code="a">AU@</subfield><subfield code="b">000020125048</subfield></datafield><datafield ind1=" " ind2=" " tag="042"><subfield code="a">msc</subfield></datafield><datafield ind1=" " ind2=" " tag="043"><subfield code="a">n-us-nc</subfield></datafield><datafield ind1="0" ind2="0" tag="245"><subfield code="a">Eastern Carolina Republican.</subfield></datafield><datafield ind1=" " ind2=" " tag="260"><subfield code="a">New-Berne, N.C. :</subfield><subfield code="b">W.B. Gulick</subfield></datafield><datafield ind1=" " ind2=" " tag="300"><subfield code="a">v.</subfield></datafield><datafield ind1=" " ind2=" " tag="310"><subfield code="a">Weekly</subfield></datafield><datafield ind1="1" ind2=" " tag="362"><subfield code="a">Began in Feb. 1850.</subfield></datafield><datafield ind1=" " ind2=" " tag="500"><subfield code="a">Published in Goldsboro, N.C., &lt;Mar. 18, 1851-May 6, 1851&gt;.</subfield></datafield><datafield ind1=" " ind2=" " tag="588"><subfield code="a">Description based on: Vol. 4, no. 5 (Feb. 13, 1850).</subfield></datafield><datafield ind1=" " ind2="0" tag="651"><subfield code="a">New Bern (N.C.)</subfield><subfield code="v">Newspapers.</subfield></datafield><datafield ind1=" " ind2="0" tag="651"><subfield code="a">Craven County (N.C.)</subfield><subfield code="v">Newspapers.</subfield></datafield><datafield ind1=" " ind2="0" tag="651"><subfield code="a">Goldsboro (N.C.)</subfield><subfield code="v">Newspapers.</subfield></datafield><datafield ind1=" " ind2="0" tag="651"><subfield code="a">Wayne County (N.C.)</subfield><subfield code="v">Newspapers.</subfield></datafield><datafield ind1=" " ind2="7" tag="655"><subfield code="a">Newspapers.</subfield><subfield code="2">fast</subfield><subfield code="0">(OCoLC)fst01423814</subfield></datafield><datafield ind1=" " ind2="7" tag="651"><subfield code="a">North Carolina</subfield><subfield code="z">Craven County.</subfield><subfield code="2">fast</subfield><subfield code="0">(OCoLC)fst01204549</subfield></datafield><datafield ind1=" " ind2="7" tag="651"><subfield code="a">North Carolina</subfield><subfield code="z">Goldsboro.</subfield><subfield code="2">fast</subfield><subfield code="0">(OCoLC)fst01207262</subfield></datafield><datafield ind1=" " ind2="7" tag="651"><subfield code="a">North Carolina</subfield><subfield code="z">New Bern.</subfield><subfield code="2">fast</subfield><subfield code="0">(OCoLC)fst01217415</subfield></datafield><datafield ind1=" " ind2="7" tag="651"><subfield code="a">North Carolina</subfield><subfield code="z">Wayne County.</subfield><subfield code="2">fast</subfield><subfield code="0">(OCoLC)fst01207263</subfield></datafield><datafield ind1=" " ind2=" " tag="752"><subfield code="a">United States</subfield><subfield code="b">North Carolina</subfield><subfield code="c">Wayne</subfield><subfield code="d">Goldsboro.</subfield></datafield><datafield ind1=" " ind2=" " tag="752"><subfield code="a">United States</subfield><subfield code="b">North Carolina</subfield><subfield code="c">Craven</subfield><subfield code="d">New Bern.</subfield></datafield><datafield ind1="0" ind2="0" tag="780"><subfield code="t">Republican (New Bern, N.C. : 1847)</subfield><subfield code="w">(DLC)sn 91068538</subfield><subfield code="w">(OCoLC)25003817</subfield></datafield><datafield ind1="0" ind2="7" tag="785"><subfield code="t">Goldsboro' patriot</subfield><subfield code="w">(DLC)sn 91068320</subfield></datafield><datafield ind1="0" ind2="7" tag="785"><subfield code="t">Republican and patriot</subfield><subfield code="w">(DLC)sn 91068540</subfield></datafield></record>